% Encoding: UTF-8

@Book{Allan2015,
  author = {Keith Allan},
  title  = {The Routledge Handbook of Linguistics},
  year   = {2015},
}

@Article{Yoshua,
  author = {Yoshua, Bengio and Yann, Le Cun and Donnie Henderson},
  title  = {Globally Trained Handwritten Word Recognizer using Spatial Representation, Convolutional Neural Networks and Hidden Markov Models},
}

@Article{Yann1997,
  author = {Yann, LeCun and Yoshua, Bengio},
  title  = {Convolutional Networks for Images, Speech, and Time-Series},
  year   = {1997},
}

@Article{Yann,
  author = {Yann, Le Cun and Yoshua, Bengio},
  title  = {Word-Level Training of Handwritten Word Recognizer Based on Convolutional Neural Networks},
}

@Article{J.S.,
  author  = {J. S., Denker and W. R., Gardner and H. P., Graf and D., Henderson and R. E., Howard and W., Hubbard and L. D., Jackel and H. S., Baird and I., Guyon},
  title   = {Neural Network Recognizer For Hand-Written Zip Code Digits},
  journal = {AT \&T Bell Laboratories},
}

@Article{David,
  author  = {David, R. Olson},
  title   = {Writing},
  journal = {Encyclopedia Brittanica},
}

@Article{Baoguang2015,
  author  = {Baoguang, Shia and Xiang, Baia and Cong, Yaoa},
  title   = {Script Identiﬁcation in the Wild via Discriminative Convolutional Neural Network},
  journal = {School of Electronic Information and Communications, Huazhong University of Science and Technology},
  year    = {2015},
}

@Article{Guo2009,
  author  = {Guo, Xian Tan and Christian, Viard-Gaudin and Alex, C. Kot},
  title   = {Information Retrieval Model for Online Handwritten Script Identification},
  journal = {Nanyang Technological University, Singapore},
  year    = {2009},
}

@Book{Gelb1952,
  author = {I. J. Gelb},
  title  = {A Study of Writing},
  year   = {1952},
}

@Article{Katja2018,
  author  = {Katja, Grace and John, Salvatier and Allan, Dafoe and BaoBao, Zhang and Owain, Evans},
  title   = {When will AI Exceed Human Performance? Evidence from AI Experts},
  journal = {AI Impacts},
  year    = {2018},
}

@Article{Goff2018,
  author = {Andrew Goff},
  title  = {A History of Deep Learning},
  year   = {2018},
}

@Article{KeithD.2019,
  author  = {Keith D., Foote},
  title   = {A Brief History of Machine Learning},
  journal = {Dataversity},
  year    = {2019},
}

@Article{Dann2010,
  author  = {Dann, Ciresan and Euli, Meier and Luca, Gambardella and Jürgen, Schmidhuber},
  title   = {Deep Big Simple Neural Nets Excel on Handwritten Digit Recognition},
  journal = {University of Lugano},
  year    = {2010},
}

@Article{Mahbubar2015,
  author  = {Mahbubar, Rahman and M. A. H., Akhand and Shahidul, Islam and Pintu, Chandra},
  title   = {Bangla Handwritten Character Recognition using Convolutional Neural Network},
  journal = {MECS},
  year    = {2015},
}

@Article{Weixin,
  author  = {Weixin, Yang and Lianwen, Jin and Zeeheng, Xie and Ziyong, Feng},
  title   = {Improved Deep Convolutional Neural Network For Online Handwritten Chinese Character Recognition using Domain-Specific Knowledge},
  journal = {South China University of Technology},
}

@Article{Aiquan2012,
  author  = {Aiquan, Yuan and Gang, Bai and Po, Yang and Yanni, Guo and Xinting, Zhao},
  title   = {Handwritten English Word Recognition based on Convolutional Neural Networks},
  journal = {Nankai University},
  year    = {2012},
}

@Article{Cheng-Lin2011,
  author  = {Cheng-Lin, Liu and Fei, Yun and Da-Han, Wang and Qui-Feng, Wang},
  title   = {CASIA Online and Offline Chinese Handwriting Databases},
  journal = {NLPR},
  date    = {2011},
}

@Article{Ahmed2017,
  author  = {Ahmed, El-Sawy and Mohamed, Loey and Hazem, EL-Bakry},
  title   = {Arabic Handwritten Characters Recognition using Convolutional Neural Network},
  journal = {Benha University},
  year    = {2017},
}

@Comment{jabref-meta: databaseType:biblatex;}
